<record><leader>00000cas a2200000Ma 4500</leader><controlfield tag="001">10868050</controlfield><controlfield tag="008">840621d179u179uvtuwr ne      0    0eng d</controlfield><datafield ind1=" " ind2=" " tag="010"><subfield code="a">sn 84023427 </subfield></datafield><datafield ind1=" " ind2=" " tag="040"><subfield code="a">AQM</subfield><subfield code="b">eng</subfield><subfield code="c">AQM</subfield><subfield code="d">OCLCG</subfield><subfield code="d">OCLCQ</subfield></datafield><datafield ind1="0" ind2="4" tag="245"><subfield code="a">The Farmer' library. Or, Vermont and New-York intelligencer.</subfield></datafield><datafield ind1="1" ind2="3" tag="246"><subfield code="a">Vermont and New York intelligencer</subfield></datafield><datafield ind1=" " ind2=" " tag="260"><subfield code="a">Fairhaven, Vt. :</subfield><subfield code="b">J.P. Spooner</subfield></datafield><datafield ind1=" " ind2=" " tag="300"><subfield code="a">v. ;</subfield><subfield code="c">42 cm.</subfield></datafield><datafield ind1=" " ind2=" " tag="310"><subfield code="a">Weekly</subfield></datafield><datafield ind1=" " ind2=" " tag="500"><subfield code="a">Last issue located: Vol. 1, no. 21 (Apr. 3, 1798). Cf. Brigham, C.S. Amer. newspapers.</subfield></datafield><datafield ind1="4" ind2=" " tag="510"><subfield code="a">Evans</subfield></datafield><datafield ind1="4" ind2=" " tag="510"><subfield code="a">Brigham, C.S. Amer. newspapers,</subfield><subfield code="c">p. 1083</subfield></datafield><datafield ind1=" " ind2=" " tag="588"><subfield code="a">Description based on: Vol. 1, no. 20 (Mar. 27, 1798).</subfield></datafield><datafield ind1=" " ind2="7" tag="655"><subfield code="a">Agricultural newspapers.</subfield><subfield code="2">ngl</subfield></datafield><datafield ind1="1" ind2=" " tag="700"><subfield code="a">Spooner, Judah Padock,</subfield><subfield code="d">1748-1807,</subfield><subfield code="e">publisher.</subfield></datafield><datafield ind1=" " ind2=" " tag="752"><subfield code="a">United States</subfield><subfield code="b">Vermont</subfield><subfield code="c">Rutland</subfield><subfield code="d">Fair Haven.</subfield></datafield><datafield ind1="0" ind2="0" tag="780"><subfield code="t">Farmer's library. or, Fairhaven telegraphe</subfield><subfield code="w">(DLC)sn 84023426</subfield></datafield><datafield ind1="1" ind2=" " tag="029"><subfield code="a">AU@</subfield><subfield code="b">000025823852</subfield></datafield></record>